%YAML 1.1
%TAG !u! tag:unity3d.com,2011:
--- !u!1 &1253541450463555347
GameObject:
  m_ObjectHideFlags: 0
  m_CorrespondingSourceObject: {fileID: 0}
  m_PrefabInstance: {fileID: 0}
  m_PrefabAsset: {fileID: 0}
  serializedVersion: 6
  m_Component:
  - component: {fileID: 5466683783683138783}
  m_Layer: 0
  m_Name: joint1
  m_TagString: Untagged
  m_Icon: {fileID: 0}
  m_NavMeshLayer: 0
  m_StaticEditorFlags: 0
  m_IsActive: 1
--- !u!4 &5466683783683138783
Transform:
  m_ObjectHideFlags: 0
  m_CorrespondingSourceObject: {fileID: 0}
  m_PrefabInstance: {fileID: 0}
  m_PrefabAsset: {fileID: 0}
  m_GameObject: {fileID: 1253541450463555347}
  m_LocalRotation: {x: 0, y: -0, z: -0, w: 1}
  m_LocalPosition: {x: 0.10377371, y: 1.9880705, z: -0.11944861}
  m_LocalScale: {x: 1, y: 1, z: 1}
  m_Children:
  - {fileID: 5210248953507342683}
  m_Father: {fileID: 5747785734276484114}
  m_RootOrder: 0
  m_LocalEulerAnglesHint: {x: 0, y: 0, z: 0}
--- !u!1 &1993654313121706618
GameObject:
  m_ObjectHideFlags: 0
  m_CorrespondingSourceObject: {fileID: 0}
  m_PrefabInstance: {fileID: 0}
  m_PrefabAsset: {fileID: 0}
  serializedVersion: 6
  m_Component:
  - component: {fileID: 7238297583250574324}
  m_Layer: 0
  m_Name: slashPos
  m_TagString: Untagged
  m_Icon: {fileID: -5442936267250999957, guid: 0000000000000000d000000000000000, type: 0}
  m_NavMeshLayer: 0
  m_StaticEditorFlags: 0
  m_IsActive: 1
--- !u!4 &7238297583250574324
Transform:
  m_ObjectHideFlags: 0
  m_CorrespondingSourceObject: {fileID: 0}
  m_PrefabInstance: {fileID: 0}
  m_PrefabAsset: {fileID: 0}
  m_GameObject: {fileID: 1993654313121706618}
  m_LocalRotation: {x: 0, y: 0, z: 0, w: 1}
  m_LocalPosition: {x: -1.675, y: 1.68, z: 5.5}
  m_LocalScale: {x: 1, y: 1, z: 1}
  m_Children: []
  m_Father: {fileID: 5747785734276484114}
  m_RootOrder: 4
  m_LocalEulerAnglesHint: {x: 0, y: 0, z: 0}
--- !u!1 &4940426803176789672
GameObject:
  m_ObjectHideFlags: 0
  m_CorrespondingSourceObject: {fileID: 0}
  m_PrefabInstance: {fileID: 0}
  m_PrefabAsset: {fileID: 0}
  serializedVersion: 6
  m_Component:
  - component: {fileID: 5747785734276484114}
  - component: {fileID: 5210248952820871202}
  - component: {fileID: 5210248952820871200}
  m_Layer: 0
  m_Name: KnifeBlade
  m_TagString: Untagged
  m_Icon: {fileID: 0}
  m_NavMeshLayer: 0
  m_StaticEditorFlags: 0
  m_IsActive: 1
--- !u!4 &5747785734276484114
Transform:
  m_ObjectHideFlags: 0
  m_CorrespondingSourceObject: {fileID: 0}
  m_PrefabInstance: {fileID: 0}
  m_PrefabAsset: {fileID: 0}
  m_GameObject: {fileID: 4940426803176789672}
  m_LocalRotation: {x: 0, y: 1, z: 0, w: 0}
  m_LocalPosition: {x: -1.675, y: -1.68, z: 4.262}
  m_LocalScale: {x: 1, y: 1, z: 1}
  m_Children:
  - {fileID: 5466683783683138783}
  - {fileID: 3877217220806763746}
  - {fileID: 5210248953756174212}
  - {fileID: 8742404165102693107}
  - {fileID: 7238297583250574324}
  m_Father: {fileID: 0}
  m_RootOrder: 0
  m_LocalEulerAnglesHint: {x: 0, y: 180, z: 0}
--- !u!95 &5210248952820871202
Animator:
  serializedVersion: 3
  m_ObjectHideFlags: 0
  m_CorrespondingSourceObject: {fileID: 0}
  m_PrefabInstance: {fileID: 0}
  m_PrefabAsset: {fileID: 0}
  m_GameObject: {fileID: 4940426803176789672}
  m_Enabled: 1
  m_Avatar: {fileID: 0}
  m_Controller: {fileID: 9100000, guid: 440aed68b236ea646960f1f49da8a6e3, type: 2}
  m_CullingMode: 0
  m_UpdateMode: 0
  m_ApplyRootMotion: 0
  m_LinearVelocityBlending: 0
  m_WarningMessage: 
  m_HasTransformHierarchy: 1
  m_AllowConstantClipSamplingOptimization: 1
  m_KeepAnimatorControllerStateOnDisable: 0
--- !u!114 &5210248952820871200
MonoBehaviour:
  m_ObjectHideFlags: 0
  m_CorrespondingSourceObject: {fileID: 0}
  m_PrefabInstance: {fileID: 0}
  m_PrefabAsset: {fileID: 0}
  m_GameObject: {fileID: 4940426803176789672}
  m_Enabled: 1
  m_EditorHideFlags: 0
  m_Script: {fileID: 11500000, guid: e393215b69506bc4abf487d2e9501396, type: 3}
  m_Name: 
  m_EditorClassIdentifier: 
  animator: {fileID: 5210248952820871202}
  slashPosition: {fileID: 7238297583250574324}
  blades:
  - {fileID: 5210248952598466029}
--- !u!1 &5210248952011788689
GameObject:
  m_ObjectHideFlags: 0
  m_CorrespondingSourceObject: {fileID: 0}
  m_PrefabInstance: {fileID: 0}
  m_PrefabAsset: {fileID: 0}
  serializedVersion: 6
  m_Component:
  - component: {fileID: 5210248952011788688}
  - component: {fileID: 5210248952011788690}
  - component: {fileID: 5210248952011788691}
  m_Layer: 0
  m_Name: Blade
  m_TagString: Untagged
  m_Icon: {fileID: 0}
  m_NavMeshLayer: 0
  m_StaticEditorFlags: 0
  m_IsActive: 1
--- !u!4 &5210248952011788688
Transform:
  m_ObjectHideFlags: 0
  m_CorrespondingSourceObject: {fileID: 0}
  m_PrefabInstance: {fileID: 0}
  m_PrefabAsset: {fileID: 0}
  m_GameObject: {fileID: 5210248952011788689}
  m_LocalRotation: {x: -0.50000006, y: -0.50000006, z: 0.5, w: 0.5}
  m_LocalPosition: {x: 0, y: -0.864071, z: 0}
  m_LocalScale: {x: 5.6465, y: 0.7160832, z: 0.09326903}
  m_Children: []
  m_Father: {fileID: 5210248953092335509}
  m_RootOrder: 0
  m_LocalEulerAnglesHint: {x: 0, y: -90, z: 90}
--- !u!33 &5210248952011788690
MeshFilter:
  m_ObjectHideFlags: 0
  m_CorrespondingSourceObject: {fileID: 0}
  m_PrefabInstance: {fileID: 0}
  m_PrefabAsset: {fileID: 0}
  m_GameObject: {fileID: 5210248952011788689}
  m_Mesh: {fileID: -3758573805739257388, guid: c71c9590348a3ee47809cdd572be027d, type: 3}
--- !u!23 &5210248952011788691
MeshRenderer:
  m_ObjectHideFlags: 0
  m_CorrespondingSourceObject: {fileID: 0}
  m_PrefabInstance: {fileID: 0}
  m_PrefabAsset: {fileID: 0}
  m_GameObject: {fileID: 5210248952011788689}
  m_Enabled: 1
  m_CastShadows: 1
  m_ReceiveShadows: 1
  m_DynamicOccludee: 1
  m_MotionVectors: 1
  m_LightProbeUsage: 1
  m_ReflectionProbeUsage: 1
  m_RayTracingMode: 2
  m_RenderingLayerMask: 1
  m_RendererPriority: 0
  m_Materials:
  - {fileID: 2100000, guid: a80c7872e0e93944f8e1f1da805e389d, type: 2}
  m_StaticBatchInfo:
    firstSubMesh: 0
    subMeshCount: 0
  m_StaticBatchRoot: {fileID: 0}
  m_ProbeAnchor: {fileID: 0}
  m_LightProbeVolumeOverride: {fileID: 0}
  m_ScaleInLightmap: 1
  m_ReceiveGI: 1
  m_PreserveUVs: 0
  m_IgnoreNormalsForChartDetection: 0
  m_ImportantGI: 0
  m_StitchLightmapSeams: 1
  m_SelectedEditorRenderState: 3
  m_MinimumChartSize: 4
  m_AutoUVMaxDistance: 0.5
  m_AutoUVMaxAngle: 89
  m_LightmapParameters: {fileID: 0}
  m_SortingLayerID: 0
  m_SortingLayer: 0
  m_SortingOrder: 0
--- !u!1 &5210248952598466027
GameObject:
  m_ObjectHideFlags: 0
  m_CorrespondingSourceObject: {fileID: 0}
  m_PrefabInstance: {fileID: 0}
  m_PrefabAsset: {fileID: 0}
  serializedVersion: 6
  m_Component:
  - component: {fileID: 5210248952598466026}
  - component: {fileID: 5210248952598466030}
  - component: {fileID: 5210248952598466031}
  - component: {fileID: 5210248952598466028}
  - component: {fileID: 5210248952598466029}
  m_Layer: 0
  m_Name: Blade (3)
  m_TagString: Untagged
  m_Icon: {fileID: 0}
  m_NavMeshLayer: 0
  m_StaticEditorFlags: 0
  m_IsActive: 1
--- !u!4 &5210248952598466026
Transform:
  m_ObjectHideFlags: 0
  m_CorrespondingSourceObject: {fileID: 0}
  m_PrefabInstance: {fileID: 0}
  m_PrefabAsset: {fileID: 0}
  m_GameObject: {fileID: 5210248952598466027}
  m_LocalRotation: {x: 0.0010735104, y: -0.70698255, z: 0.7072293, w: -0.0010738852}
  m_LocalPosition: {x: 0, y: -0.8101, z: 0.031100215}
  m_LocalScale: {x: 0.010000003, y: 0.2, z: 1}
  m_Children:
  - {fileID: 431893990998089405}
  - {fileID: 2048988364920023258}
  - {fileID: 3519060232247059399}
  - {fileID: 8988441187721082663}
  - {fileID: 8171536509682105243}
  - {fileID: 7785874150445349455}
  - {fileID: 7547280139671147132}
  - {fileID: 5385611849340908609}
  - {fileID: 4882142028160771813}
  - {fileID: 4486772872996574349}
  m_Father: {fileID: 5210248953092335509}
  m_RootOrder: 1
  m_LocalEulerAnglesHint: {x: 90, y: -90, z: 90}
--- !u!33 &5210248952598466030
MeshFilter:
  m_ObjectHideFlags: 0
  m_CorrespondingSourceObject: {fileID: 0}
  m_PrefabInstance: {fileID: 0}
  m_PrefabAsset: {fileID: 0}
  m_GameObject: {fileID: 5210248952598466027}
  m_Mesh: {fileID: 10202, guid: 0000000000000000e000000000000000, type: 0}
--- !u!23 &5210248952598466031
MeshRenderer:
  m_ObjectHideFlags: 0
  m_CorrespondingSourceObject: {fileID: 0}
  m_PrefabInstance: {fileID: 0}
  m_PrefabAsset: {fileID: 0}
  m_GameObject: {fileID: 5210248952598466027}
  m_Enabled: 0
  m_CastShadows: 1
  m_ReceiveShadows: 1
  m_DynamicOccludee: 1
  m_MotionVectors: 1
  m_LightProbeUsage: 1
  m_ReflectionProbeUsage: 1
  m_RayTracingMode: 2
  m_RenderingLayerMask: 1
  m_RendererPriority: 0
  m_Materials:
  - {fileID: 2100000, guid: 62f0ca8d1774384478c6aa994c9a6d17, type: 2}
  m_StaticBatchInfo:
    firstSubMesh: 0
    subMeshCount: 0
  m_StaticBatchRoot: {fileID: 0}
  m_ProbeAnchor: {fileID: 0}
  m_LightProbeVolumeOverride: {fileID: 0}
  m_ScaleInLightmap: 1
  m_ReceiveGI: 1
  m_PreserveUVs: 0
  m_IgnoreNormalsForChartDetection: 0
  m_ImportantGI: 0
  m_StitchLightmapSeams: 1
  m_SelectedEditorRenderState: 3
  m_MinimumChartSize: 4
  m_AutoUVMaxDistance: 0.5
  m_AutoUVMaxAngle: 89
  m_LightmapParameters: {fileID: 0}
  m_SortingLayerID: 0
  m_SortingLayer: 0
  m_SortingOrder: 0
--- !u!65 &5210248952598466028
BoxCollider:
  m_ObjectHideFlags: 0
  m_CorrespondingSourceObject: {fileID: 0}
  m_PrefabInstance: {fileID: 0}
  m_PrefabAsset: {fileID: 0}
  m_GameObject: {fileID: 5210248952598466027}
  m_Material: {fileID: 0}
  m_IsTrigger: 1
  m_Enabled: 1
  serializedVersion: 2
  m_Size: {x: 1, y: 1, z: 1}
  m_Center: {x: 0, y: 0, z: 0}
--- !u!114 &5210248952598466029
MonoBehaviour:
  m_ObjectHideFlags: 0
  m_CorrespondingSourceObject: {fileID: 0}
  m_PrefabInstance: {fileID: 0}
  m_PrefabAsset: {fileID: 0}
  m_GameObject: {fileID: 5210248952598466027}
  m_Enabled: 1
  m_EditorHideFlags: 0
  m_Script: {fileID: 11500000, guid: 1af4d731ce473de49a547bd701a2ab7c, type: 3}
  m_Name: 
  m_EditorClassIdentifier: 
  _origin: {x: 0, y: 0.5, z: 0}
  _direction: {x: 0, y: 1, z: 0}
  hits: []
--- !u!1 &5210248953092335506
GameObject:
  m_ObjectHideFlags: 0
  m_CorrespondingSourceObject: {fileID: 0}
  m_PrefabInstance: {fileID: 0}
  m_PrefabAsset: {fileID: 0}
  serializedVersion: 6
  m_Component:
  - component: {fileID: 5210248953092335509}
  m_Layer: 0
  m_Name: Pivot
  m_TagString: Untagged
  m_Icon: {fileID: 0}
  m_NavMeshLayer: 0
  m_StaticEditorFlags: 0
  m_IsActive: 1
--- !u!4 &5210248953092335509
Transform:
  m_ObjectHideFlags: 0
  m_CorrespondingSourceObject: {fileID: 0}
  m_PrefabInstance: {fileID: 0}
  m_PrefabAsset: {fileID: 0}
  m_GameObject: {fileID: 5210248953092335506}
  m_LocalRotation: {x: 0, y: 0, z: 0, w: 1}
  m_LocalPosition: {x: 0, y: 0, z: 0}
  m_LocalScale: {x: 1, y: 1, z: 1}
  m_Children:
  - {fileID: 5210248952011788688}
  - {fileID: 5210248952598466026}
  m_Father: {fileID: 5210248953507342683}
  m_RootOrder: 0
  m_LocalEulerAnglesHint: {x: 0, y: 0, z: 0}
--- !u!1 &5210248953507342680
GameObject:
  m_ObjectHideFlags: 0
  m_CorrespondingSourceObject: {fileID: 0}
  m_PrefabInstance: {fileID: 0}
  m_PrefabAsset: {fileID: 0}
  serializedVersion: 6
  m_Component:
  - component: {fileID: 5210248953507342683}
  m_Layer: 0
  m_Name: Adjusted
  m_TagString: Untagged
  m_Icon: {fileID: 0}
  m_NavMeshLayer: 0
  m_StaticEditorFlags: 0
  m_IsActive: 1
--- !u!4 &5210248953507342683
Transform:
  m_ObjectHideFlags: 0
  m_CorrespondingSourceObject: {fileID: 0}
  m_PrefabInstance: {fileID: 0}
  m_PrefabAsset: {fileID: 0}
  m_GameObject: {fileID: 5210248953507342680}
  m_LocalRotation: {x: 0.00017452006, y: 0.00000026499822, z: -0.0015184381, w: 0.9999988}
  m_LocalPosition: {x: 0, y: 0, z: 0}
  m_LocalScale: {x: 1, y: 1, z: 1}
  m_Children:
  - {fileID: 5210248953092335509}
  m_Father: {fileID: 5466683783683138783}
  m_RootOrder: 0
  m_LocalEulerAnglesHint: {x: 0.02, y: 0, z: -0.174}
--- !u!1 &5210248953756174213
GameObject:
  m_ObjectHideFlags: 0
  m_CorrespondingSourceObject: {fileID: 0}
  m_PrefabInstance: {fileID: 0}
  m_PrefabAsset: {fileID: 0}
  serializedVersion: 6
  m_Component:
  - component: {fileID: 5210248953756174212}
  - component: {fileID: 5210248953756174215}
  m_Layer: 0
  m_Name: new
  m_TagString: Untagged
  m_Icon: {fileID: 0}
  m_NavMeshLayer: 0
  m_StaticEditorFlags: 0
  m_IsActive: 0
--- !u!4 &5210248953756174212
Transform:
  m_ObjectHideFlags: 0
  m_CorrespondingSourceObject: {fileID: 0}
  m_PrefabInstance: {fileID: 0}
  m_PrefabAsset: {fileID: 0}
  m_GameObject: {fileID: 5210248953756174213}
  m_LocalRotation: {x: -0.70713913, y: 0.0011743996, z: -0.0010725829, w: -0.7070726}
  m_LocalPosition: {x: -1.6605191, y: 1.6012781, z: 6.9721875}
  m_LocalScale: {x: 1, y: 1, z: 1}
  m_Children: []
  m_Father: {fileID: 5747785734276484114}
  m_RootOrder: 2
  m_LocalEulerAnglesHint: {x: 0, y: 0, z: 0}
--- !u!137 &5210248953756174215
SkinnedMeshRenderer:
  m_ObjectHideFlags: 0
  m_CorrespondingSourceObject: {fileID: 0}
  m_PrefabInstance: {fileID: 0}
  m_PrefabAsset: {fileID: 0}
  m_GameObject: {fileID: 5210248953756174213}
  m_Enabled: 1
  m_CastShadows: 1
  m_ReceiveShadows: 1
  m_DynamicOccludee: 1
  m_MotionVectors: 1
  m_LightProbeUsage: 1
  m_ReflectionProbeUsage: 1
  m_RayTracingMode: 0
  m_RenderingLayerMask: 1
  m_RendererPriority: 0
  m_Materials:
  - {fileID: -8848058021633226823, guid: 7d0d8360ddea924428c953fd5b43b2c6, type: 3}
  m_StaticBatchInfo:
    firstSubMesh: 0
    subMeshCount: 0
  m_StaticBatchRoot: {fileID: 0}
  m_ProbeAnchor: {fileID: 0}
  m_LightProbeVolumeOverride: {fileID: 0}
  m_ScaleInLightmap: 1
  m_ReceiveGI: 1
  m_PreserveUVs: 0
  m_IgnoreNormalsForChartDetection: 0
  m_ImportantGI: 0
  m_StitchLightmapSeams: 1
  m_SelectedEditorRenderState: 3
  m_MinimumChartSize: 4
  m_AutoUVMaxDistance: 0.5
  m_AutoUVMaxAngle: 89
  m_LightmapParameters: {fileID: 0}
  m_SortingLayerID: 0
  m_SortingLayer: 0
  m_SortingOrder: 0
  serializedVersion: 2
  m_Quality: 0
  m_UpdateWhenOffscreen: 0
  m_SkinnedMotionVectors: 1
  m_Mesh: {fileID: -3758573805739257388, guid: 7d0d8360ddea924428c953fd5b43b2c6, type: 3}
  m_Bones:
  - {fileID: 5466683783683138783}
  m_BlendShapeWeights: []
  m_RootBone: {fileID: 5466683783683138783}
  m_AABB:
    m_Center: {x: -0.009187594, y: -1.0299212, z: 0.04905811}
    m_Extent: {x: 0.03511072, y: 1.0566303, z: 0.15915024}
  m_DirtyAABB: 0
--- !u!1 &6041180644307932643
GameObject:
  m_ObjectHideFlags: 0
  m_CorrespondingSourceObject: {fileID: 0}
  m_PrefabInstance: {fileID: 0}
  m_PrefabAsset: {fileID: 0}
  serializedVersion: 6
  m_Component:
  - component: {fileID: 3877217220806763746}
  - component: {fileID: 4304165768749143392}
  m_Layer: 0
  m_Name: old
  m_TagString: Untagged
  m_Icon: {fileID: 0}
  m_NavMeshLayer: 0
  m_StaticEditorFlags: 0
  m_IsActive: 0
--- !u!4 &3877217220806763746
Transform:
  m_ObjectHideFlags: 0
  m_CorrespondingSourceObject: {fileID: 0}
  m_PrefabInstance: {fileID: 0}
  m_PrefabAsset: {fileID: 0}
  m_GameObject: {fileID: 6041180644307932643}
  m_LocalRotation: {x: 0, y: -0, z: -0, w: 1}
  m_LocalPosition: {x: 0.10377371, y: 1.9880705, z: -0.11944861}
  m_LocalScale: {x: 1, y: 1, z: 1}
  m_Children: []
  m_Father: {fileID: 5747785734276484114}
  m_RootOrder: 1
  m_LocalEulerAnglesHint: {x: 0, y: 0, z: 0}
--- !u!137 &4304165768749143392
SkinnedMeshRenderer:
  m_ObjectHideFlags: 0
  m_CorrespondingSourceObject: {fileID: 0}
  m_PrefabInstance: {fileID: 0}
  m_PrefabAsset: {fileID: 0}
  m_GameObject: {fileID: 6041180644307932643}
  m_Enabled: 1
  m_CastShadows: 1
  m_ReceiveShadows: 1
  m_DynamicOccludee: 1
  m_MotionVectors: 1
  m_LightProbeUsage: 1
  m_ReflectionProbeUsage: 1
  m_RayTracingMode: 0
  m_RenderingLayerMask: 1
  m_RendererPriority: 0
  m_Materials:
  - {fileID: -8848058021633226823, guid: 7d0d8360ddea924428c953fd5b43b2c6, type: 3}
  m_StaticBatchInfo:
    firstSubMesh: 0
    subMeshCount: 0
  m_StaticBatchRoot: {fileID: 0}
  m_ProbeAnchor: {fileID: 0}
  m_LightProbeVolumeOverride: {fileID: 0}
  m_ScaleInLightmap: 1
  m_ReceiveGI: 1
  m_PreserveUVs: 0
  m_IgnoreNormalsForChartDetection: 0
  m_ImportantGI: 0
  m_StitchLightmapSeams: 1
  m_SelectedEditorRenderState: 3
  m_MinimumChartSize: 4
  m_AutoUVMaxDistance: 0.5
  m_AutoUVMaxAngle: 89
  m_LightmapParameters: {fileID: 0}
  m_SortingLayerID: 0
  m_SortingLayer: 0
  m_SortingOrder: 0
  serializedVersion: 2
  m_Quality: 0
  m_UpdateWhenOffscreen: 0
  m_SkinnedMotionVectors: 1
  m_Mesh: {fileID: -3758573805739257388, guid: 7d0d8360ddea924428c953fd5b43b2c6, type: 3}
  m_Bones:
  - {fileID: 5466683783683138783}
  m_BlendShapeWeights: []
  m_RootBone: {fileID: 5466683783683138783}
  m_AABB:
    m_Center: {x: -0.009187594, y: -1.0299212, z: 0.04905811}
    m_Extent: {x: 0.03511072, y: 1.0566303, z: 0.15915024}
  m_DirtyAABB: 0
--- !u!1001 &558044503841130457
PrefabInstance:
  m_ObjectHideFlags: 0
  serializedVersion: 2
  m_Modification:
    m_TransformParent: {fileID: 5210248952598466026}
    m_Modifications:
    - target: {fileID: 1929776648305238470, guid: b9718f80faa32a648b2d626a15c0e90e,
        type: 3}
      propertyPath: m_Name
      value: Hit (4)
      objectReference: {fileID: 0}
    - target: {fileID: 3064595612153757808, guid: b9718f80faa32a648b2d626a15c0e90e,
        type: 3}
      propertyPath: m_Radius
      value: 0.01
      objectReference: {fileID: 0}
    - target: {fileID: 8564073718625860674, guid: b9718f80faa32a648b2d626a15c0e90e,
        type: 3}
      propertyPath: m_RootOrder
      value: 4
      objectReference: {fileID: 0}
    - target: {fileID: 8564073718625860674, guid: b9718f80faa32a648b2d626a15c0e90e,
        type: 3}
      propertyPath: m_LocalScale.x
      value: 5.646553
      objectReference: {fileID: 0}
    - target: {fileID: 8564073718625860674, guid: b9718f80faa32a648b2d626a15c0e90e,
        type: 3}
      propertyPath: m_LocalScale.y
      value: 3.5804148
      objectReference: {fileID: 0}
    - target: {fileID: 8564073718625860674, guid: b9718f80faa32a648b2d626a15c0e90e,
        type: 3}
      propertyPath: m_LocalScale.z
      value: 9.318393
      objectReference: {fileID: 0}
    - target: {fileID: 8564073718625860674, guid: b9718f80faa32a648b2d626a15c0e90e,
        type: 3}
      propertyPath: m_LocalPosition.x
      value: -0.0007558747
      objectReference: {fileID: 0}
    - target: {fileID: 8564073718625860674, guid: b9718f80faa32a648b2d626a15c0e90e,
        type: 3}
      propertyPath: m_LocalPosition.y
      value: 0.19488095
      objectReference: {fileID: 0}
    - target: {fileID: 8564073718625860674, guid: b9718f80faa32a648b2d626a15c0e90e,
        type: 3}
      propertyPath: m_LocalPosition.z
      value: -0.0025075674
      objectReference: {fileID: 0}
    - target: {fileID: 8564073718625860674, guid: b9718f80faa32a648b2d626a15c0e90e,
        type: 3}
      propertyPath: m_LocalRotation.w
      value: 0.7060323
      objectReference: {fileID: 0}
    - target: {fileID: 8564073718625860674, guid: b9718f80faa32a648b2d626a15c0e90e,
        type: 3}
      propertyPath: m_LocalRotation.x
      value: -0.00012325379
      objectReference: {fileID: 0}
    - target: {fileID: 8564073718625860674, guid: b9718f80faa32a648b2d626a15c0e90e,
        type: 3}
      propertyPath: m_LocalRotation.y
      value: 0.70817965
      objectReference: {fileID: 0}
    - target: {fileID: 8564073718625860674, guid: b9718f80faa32a648b2d626a15c0e90e,
        type: 3}
      propertyPath: m_LocalRotation.z
      value: -0.0001235748
      objectReference: {fileID: 0}
    - target: {fileID: 8564073718625860674, guid: b9718f80faa32a648b2d626a15c0e90e,
        type: 3}
      propertyPath: m_LocalEulerAnglesHint.x
      value: 0
      objectReference: {fileID: 0}
    - target: {fileID: 8564073718625860674, guid: b9718f80faa32a648b2d626a15c0e90e,
        type: 3}
      propertyPath: m_LocalEulerAnglesHint.y
      value: 0
      objectReference: {fileID: 0}
    - target: {fileID: 8564073718625860674, guid: b9718f80faa32a648b2d626a15c0e90e,
        type: 3}
      propertyPath: m_LocalEulerAnglesHint.z
      value: 0
      objectReference: {fileID: 0}
    m_RemovedComponents: []
  m_SourcePrefab: {fileID: 100100000, guid: b9718f80faa32a648b2d626a15c0e90e, type: 3}
--- !u!4 &8171536509682105243 stripped
Transform:
  m_CorrespondingSourceObject: {fileID: 8564073718625860674, guid: b9718f80faa32a648b2d626a15c0e90e,
    type: 3}
  m_PrefabInstance: {fileID: 558044503841130457}
  m_PrefabAsset: {fileID: 0}
--- !u!1001 &748978589615590245
PrefabInstance:
  m_ObjectHideFlags: 0
  serializedVersion: 2
  m_Modification:
    m_TransformParent: {fileID: 5210248952598466026}
    m_Modifications:
    - target: {fileID: 1929776648305238470, guid: b9718f80faa32a648b2d626a15c0e90e,
        type: 3}
      propertyPath: m_Name
      value: Hit (3)
      objectReference: {fileID: 0}
    - target: {fileID: 3064595612153757808, guid: b9718f80faa32a648b2d626a15c0e90e,
        type: 3}
      propertyPath: m_Radius
      value: 0.01
      objectReference: {fileID: 0}
    - target: {fileID: 8564073718625860674, guid: b9718f80faa32a648b2d626a15c0e90e,
        type: 3}
      propertyPath: m_RootOrder
      value: 3
      objectReference: {fileID: 0}
    - target: {fileID: 8564073718625860674, guid: b9718f80faa32a648b2d626a15c0e90e,
        type: 3}
      propertyPath: m_LocalScale.x
      value: 5.646553
      objectReference: {fileID: 0}
    - target: {fileID: 8564073718625860674, guid: b9718f80faa32a648b2d626a15c0e90e,
        type: 3}
      propertyPath: m_LocalScale.y
      value: 3.5804148
      objectReference: {fileID: 0}
    - target: {fileID: 8564073718625860674, guid: b9718f80faa32a648b2d626a15c0e90e,
        type: 3}
      propertyPath: m_LocalScale.z
      value: 9.318393
      objectReference: {fileID: 0}
    - target: {fileID: 8564073718625860674, guid: b9718f80faa32a648b2d626a15c0e90e,
        type: 3}
      propertyPath: m_LocalPosition.x
      value: -0.035052374
      objectReference: {fileID: 0}
    - target: {fileID: 8564073718625860674, guid: b9718f80faa32a648b2d626a15c0e90e,
        type: 3}
      propertyPath: m_LocalPosition.y
      value: 0.1946831
      objectReference: {fileID: 0}
    - target: {fileID: 8564073718625860674, guid: b9718f80faa32a648b2d626a15c0e90e,
        type: 3}
      propertyPath: m_LocalPosition.z
      value: -0.11543715
      objectReference: {fileID: 0}
    - target: {fileID: 8564073718625860674, guid: b9718f80faa32a648b2d626a15c0e90e,
        type: 3}
      propertyPath: m_LocalRotation.w
      value: 0.7060323
      objectReference: {fileID: 0}
    - target: {fileID: 8564073718625860674, guid: b9718f80faa32a648b2d626a15c0e90e,
        type: 3}
      propertyPath: m_LocalRotation.x
      value: -0.00012325379
      objectReference: {fileID: 0}
    - target: {fileID: 8564073718625860674, guid: b9718f80faa32a648b2d626a15c0e90e,
        type: 3}
      propertyPath: m_LocalRotation.y
      value: 0.70817965
      objectReference: {fileID: 0}
    - target: {fileID: 8564073718625860674, guid: b9718f80faa32a648b2d626a15c0e90e,
        type: 3}
      propertyPath: m_LocalRotation.z
      value: -0.0001235748
      objectReference: {fileID: 0}
    - target: {fileID: 8564073718625860674, guid: b9718f80faa32a648b2d626a15c0e90e,
        type: 3}
      propertyPath: m_LocalEulerAnglesHint.x
      value: 0
      objectReference: {fileID: 0}
    - target: {fileID: 8564073718625860674, guid: b9718f80faa32a648b2d626a15c0e90e,
        type: 3}
      propertyPath: m_LocalEulerAnglesHint.y
      value: 0
      objectReference: {fileID: 0}
    - target: {fileID: 8564073718625860674, guid: b9718f80faa32a648b2d626a15c0e90e,
        type: 3}
      propertyPath: m_LocalEulerAnglesHint.z
      value: 0
      objectReference: {fileID: 0}
    m_RemovedComponents: []
  m_SourcePrefab: {fileID: 100100000, guid: b9718f80faa32a648b2d626a15c0e90e, type: 3}
--- !u!4 &8988441187721082663 stripped
Transform:
  m_CorrespondingSourceObject: {fileID: 8564073718625860674, guid: b9718f80faa32a648b2d626a15c0e90e,
    type: 3}
  m_PrefabInstance: {fileID: 748978589615590245}
  m_PrefabAsset: {fileID: 0}
--- !u!1001 &1933531767432742413
PrefabInstance:
  m_ObjectHideFlags: 0
  serializedVersion: 2
  m_Modification:
    m_TransformParent: {fileID: 5210248952598466026}
    m_Modifications:
    - target: {fileID: 1929776648305238470, guid: b9718f80faa32a648b2d626a15c0e90e,
        type: 3}
      propertyPath: m_Name
      value: Hit (5)
      objectReference: {fileID: 0}
    - target: {fileID: 3064595612153757808, guid: b9718f80faa32a648b2d626a15c0e90e,
        type: 3}
      propertyPath: m_Radius
      value: 0.01
      objectReference: {fileID: 0}
    - target: {fileID: 8564073718625860674, guid: b9718f80faa32a648b2d626a15c0e90e,
        type: 3}
      propertyPath: m_RootOrder
      value: 5
      objectReference: {fileID: 0}
    - target: {fileID: 8564073718625860674, guid: b9718f80faa32a648b2d626a15c0e90e,
        type: 3}
      propertyPath: m_LocalScale.x
      value: 5.646553
      objectReference: {fileID: 0}
    - target: {fileID: 8564073718625860674, guid: b9718f80faa32a648b2d626a15c0e90e,
        type: 3}
      propertyPath: m_LocalScale.y
      value: 3.5804148
      objectReference: {fileID: 0}
    - target: {fileID: 8564073718625860674, guid: b9718f80faa32a648b2d626a15c0e90e,
        type: 3}
      propertyPath: m_LocalScale.z
      value: 9.318393
      objectReference: {fileID: 0}
    - target: {fileID: 8564073718625860674, guid: b9718f80faa32a648b2d626a15c0e90e,
        type: 3}
      propertyPath: m_LocalPosition.x
      value: 0.033540636
      objectReference: {fileID: 0}
    - target: {fileID: 8564073718625860674, guid: b9718f80faa32a648b2d626a15c0e90e,
        type: 3}
      propertyPath: m_LocalPosition.y
      value: 0.19507878
      objectReference: {fileID: 0}
    - target: {fileID: 8564073718625860674, guid: b9718f80faa32a648b2d626a15c0e90e,
        type: 3}
      propertyPath: m_LocalPosition.z
      value: 0.11042189
      objectReference: {fileID: 0}
    - target: {fileID: 8564073718625860674, guid: b9718f80faa32a648b2d626a15c0e90e,
        type: 3}
      propertyPath: m_LocalRotation.w
      value: 0.7060323
      objectReference: {fileID: 0}
    - target: {fileID: 8564073718625860674, guid: b9718f80faa32a648b2d626a15c0e90e,
        type: 3}
      propertyPath: m_LocalRotation.x
      value: -0.00012325379
      objectReference: {fileID: 0}
    - target: {fileID: 8564073718625860674, guid: b9718f80faa32a648b2d626a15c0e90e,
        type: 3}
      propertyPath: m_LocalRotation.y
      value: 0.70817965
      objectReference: {fileID: 0}
    - target: {fileID: 8564073718625860674, guid: b9718f80faa32a648b2d626a15c0e90e,
        type: 3}
      propertyPath: m_LocalRotation.z
      value: -0.0001235748
      objectReference: {fileID: 0}
    - target: {fileID: 8564073718625860674, guid: b9718f80faa32a648b2d626a15c0e90e,
        type: 3}
      propertyPath: m_LocalEulerAnglesHint.x
      value: 0
      objectReference: {fileID: 0}
    - target: {fileID: 8564073718625860674, guid: b9718f80faa32a648b2d626a15c0e90e,
        type: 3}
      propertyPath: m_LocalEulerAnglesHint.y
      value: 0
      objectReference: {fileID: 0}
    - target: {fileID: 8564073718625860674, guid: b9718f80faa32a648b2d626a15c0e90e,
        type: 3}
      propertyPath: m_LocalEulerAnglesHint.z
      value: 0
      objectReference: {fileID: 0}
    m_RemovedComponents: []
  m_SourcePrefab: {fileID: 100100000, guid: b9718f80faa32a648b2d626a15c0e90e, type: 3}
--- !u!4 &7785874150445349455 stripped
Transform:
  m_CorrespondingSourceObject: {fileID: 8564073718625860674, guid: b9718f80faa32a648b2d626a15c0e90e,
    type: 3}
  m_PrefabInstance: {fileID: 1933531767432742413}
  m_PrefabAsset: {fileID: 0}
--- !u!1001 &2190122575605427774
PrefabInstance:
  m_ObjectHideFlags: 0
  serializedVersion: 2
  m_Modification:
    m_TransformParent: {fileID: 5210248952598466026}
    m_Modifications:
    - target: {fileID: 1929776648305238470, guid: b9718f80faa32a648b2d626a15c0e90e,
        type: 3}
      propertyPath: m_Name
      value: Hit (6)
      objectReference: {fileID: 0}
    - target: {fileID: 3064595612153757808, guid: b9718f80faa32a648b2d626a15c0e90e,
        type: 3}
      propertyPath: m_Radius
      value: 0.01
      objectReference: {fileID: 0}
    - target: {fileID: 8564073718625860674, guid: b9718f80faa32a648b2d626a15c0e90e,
        type: 3}
      propertyPath: m_RootOrder
      value: 6
      objectReference: {fileID: 0}
    - target: {fileID: 8564073718625860674, guid: b9718f80faa32a648b2d626a15c0e90e,
        type: 3}
      propertyPath: m_LocalScale.x
      value: 5.646553
      objectReference: {fileID: 0}
    - target: {fileID: 8564073718625860674, guid: b9718f80faa32a648b2d626a15c0e90e,
        type: 3}
      propertyPath: m_LocalScale.y
      value: 3.5804148
      objectReference: {fileID: 0}
    - target: {fileID: 8564073718625860674, guid: b9718f80faa32a648b2d626a15c0e90e,
        type: 3}
      propertyPath: m_LocalScale.z
      value: 9.318393
      objectReference: {fileID: 0}
    - target: {fileID: 8564073718625860674, guid: b9718f80faa32a648b2d626a15c0e90e,
        type: 3}
      propertyPath: m_LocalPosition.x
      value: 0.06783715
      objectReference: {fileID: 0}
    - target: {fileID: 8564073718625860674, guid: b9718f80faa32a648b2d626a15c0e90e,
        type: 3}
      propertyPath: m_LocalPosition.y
      value: 0.1952742
      objectReference: {fileID: 0}
    - target: {fileID: 8564073718625860674, guid: b9718f80faa32a648b2d626a15c0e90e,
        type: 3}
      propertyPath: m_LocalPosition.z
      value: 0.2233513
      objectReference: {fileID: 0}
    - target: {fileID: 8564073718625860674, guid: b9718f80faa32a648b2d626a15c0e90e,
        type: 3}
      propertyPath: m_LocalRotation.w
      value: 0.7060323
      objectReference: {fileID: 0}
    - target: {fileID: 8564073718625860674, guid: b9718f80faa32a648b2d626a15c0e90e,
        type: 3}
      propertyPath: m_LocalRotation.x
      value: -0.00012325379
      objectReference: {fileID: 0}
    - target: {fileID: 8564073718625860674, guid: b9718f80faa32a648b2d626a15c0e90e,
        type: 3}
      propertyPath: m_LocalRotation.y
      value: 0.70817965
      objectReference: {fileID: 0}
    - target: {fileID: 8564073718625860674, guid: b9718f80faa32a648b2d626a15c0e90e,
        type: 3}
      propertyPath: m_LocalRotation.z
      value: -0.0001235748
      objectReference: {fileID: 0}
    - target: {fileID: 8564073718625860674, guid: b9718f80faa32a648b2d626a15c0e90e,
        type: 3}
      propertyPath: m_LocalEulerAnglesHint.x
      value: 0
      objectReference: {fileID: 0}
    - target: {fileID: 8564073718625860674, guid: b9718f80faa32a648b2d626a15c0e90e,
        type: 3}
      propertyPath: m_LocalEulerAnglesHint.y
      value: 0
      objectReference: {fileID: 0}
    - target: {fileID: 8564073718625860674, guid: b9718f80faa32a648b2d626a15c0e90e,
        type: 3}
      propertyPath: m_LocalEulerAnglesHint.z
      value: 0
      objectReference: {fileID: 0}
    m_RemovedComponents: []
  m_SourcePrefab: {fileID: 100100000, guid: b9718f80faa32a648b2d626a15c0e90e, type: 3}
--- !u!4 &7547280139671147132 stripped
Transform:
  m_CorrespondingSourceObject: {fileID: 8564073718625860674, guid: b9718f80faa32a648b2d626a15c0e90e,
    type: 3}
  m_PrefabInstance: {fileID: 2190122575605427774}
  m_PrefabAsset: {fileID: 0}
--- !u!1001 &3826205781694667431
PrefabInstance:
  m_ObjectHideFlags: 0
  serializedVersion: 2
  m_Modification:
    m_TransformParent: {fileID: 5210248952598466026}
    m_Modifications:
    - target: {fileID: 1929776648305238470, guid: b9718f80faa32a648b2d626a15c0e90e,
        type: 3}
      propertyPath: m_Name
      value: Hit (8)
      objectReference: {fileID: 0}
    - target: {fileID: 3064595612153757808, guid: b9718f80faa32a648b2d626a15c0e90e,
        type: 3}
      propertyPath: m_Radius
      value: 0.01
      objectReference: {fileID: 0}
    - target: {fileID: 8564073718625860674, guid: b9718f80faa32a648b2d626a15c0e90e,
        type: 3}
      propertyPath: m_RootOrder
      value: 8
      objectReference: {fileID: 0}
    - target: {fileID: 8564073718625860674, guid: b9718f80faa32a648b2d626a15c0e90e,
        type: 3}
      propertyPath: m_LocalScale.x
      value: 5.646553
      objectReference: {fileID: 0}
    - target: {fileID: 8564073718625860674, guid: b9718f80faa32a648b2d626a15c0e90e,
        type: 3}
      propertyPath: m_LocalScale.y
      value: 3.5804148
      objectReference: {fileID: 0}
    - target: {fileID: 8564073718625860674, guid: b9718f80faa32a648b2d626a15c0e90e,
        type: 3}
      propertyPath: m_LocalScale.z
      value: 9.318393
      objectReference: {fileID: 0}
    - target: {fileID: 8564073718625860674, guid: b9718f80faa32a648b2d626a15c0e90e,
        type: 3}
      propertyPath: m_LocalPosition.x
      value: 0.1364182
      objectReference: {fileID: 0}
    - target: {fileID: 8564073718625860674, guid: b9718f80faa32a648b2d626a15c0e90e,
        type: 3}
      propertyPath: m_LocalPosition.y
      value: 0.19566998
      objectReference: {fileID: 0}
    - target: {fileID: 8564073718625860674, guid: b9718f80faa32a648b2d626a15c0e90e,
        type: 3}
      propertyPath: m_LocalPosition.z
      value: 0.44921032
      objectReference: {fileID: 0}
    - target: {fileID: 8564073718625860674, guid: b9718f80faa32a648b2d626a15c0e90e,
        type: 3}
      propertyPath: m_LocalRotation.w
      value: 0.7060323
      objectReference: {fileID: 0}
    - target: {fileID: 8564073718625860674, guid: b9718f80faa32a648b2d626a15c0e90e,
        type: 3}
      propertyPath: m_LocalRotation.x
      value: -0.00012325379
      objectReference: {fileID: 0}
    - target: {fileID: 8564073718625860674, guid: b9718f80faa32a648b2d626a15c0e90e,
        type: 3}
      propertyPath: m_LocalRotation.y
      value: 0.70817965
      objectReference: {fileID: 0}
    - target: {fileID: 8564073718625860674, guid: b9718f80faa32a648b2d626a15c0e90e,
        type: 3}
      propertyPath: m_LocalRotation.z
      value: -0.0001235748
      objectReference: {fileID: 0}
    - target: {fileID: 8564073718625860674, guid: b9718f80faa32a648b2d626a15c0e90e,
        type: 3}
      propertyPath: m_LocalEulerAnglesHint.x
      value: 0
      objectReference: {fileID: 0}
    - target: {fileID: 8564073718625860674, guid: b9718f80faa32a648b2d626a15c0e90e,
        type: 3}
      propertyPath: m_LocalEulerAnglesHint.y
      value: 0
      objectReference: {fileID: 0}
    - target: {fileID: 8564073718625860674, guid: b9718f80faa32a648b2d626a15c0e90e,
        type: 3}
      propertyPath: m_LocalEulerAnglesHint.z
      value: 0
      objectReference: {fileID: 0}
    m_RemovedComponents: []
  m_SourcePrefab: {fileID: 100100000, guid: b9718f80faa32a648b2d626a15c0e90e, type: 3}
--- !u!4 &4882142028160771813 stripped
Transform:
  m_CorrespondingSourceObject: {fileID: 8564073718625860674, guid: b9718f80faa32a648b2d626a15c0e90e,
    type: 3}
  m_PrefabInstance: {fileID: 3826205781694667431}
  m_PrefabAsset: {fileID: 0}
--- !u!1001 &4351667862669789187
PrefabInstance:
  m_ObjectHideFlags: 0
  serializedVersion: 2
  m_Modification:
    m_TransformParent: {fileID: 5210248952598466026}
    m_Modifications:
    - target: {fileID: 1929776648305238470, guid: b9718f80faa32a648b2d626a15c0e90e,
        type: 3}
      propertyPath: m_Name
      value: Hit (7)
      objectReference: {fileID: 0}
    - target: {fileID: 3064595612153757808, guid: b9718f80faa32a648b2d626a15c0e90e,
        type: 3}
      propertyPath: m_Radius
      value: 0.01
      objectReference: {fileID: 0}
    - target: {fileID: 8564073718625860674, guid: b9718f80faa32a648b2d626a15c0e90e,
        type: 3}
      propertyPath: m_RootOrder
      value: 7
      objectReference: {fileID: 0}
    - target: {fileID: 8564073718625860674, guid: b9718f80faa32a648b2d626a15c0e90e,
        type: 3}
      propertyPath: m_LocalScale.x
      value: 5.646553
      objectReference: {fileID: 0}
    - target: {fileID: 8564073718625860674, guid: b9718f80faa32a648b2d626a15c0e90e,
        type: 3}
      propertyPath: m_LocalScale.y
      value: 3.5804148
      objectReference: {fileID: 0}
    - target: {fileID: 8564073718625860674, guid: b9718f80faa32a648b2d626a15c0e90e,
        type: 3}
      propertyPath: m_LocalScale.z
      value: 9.318393
      objectReference: {fileID: 0}
    - target: {fileID: 8564073718625860674, guid: b9718f80faa32a648b2d626a15c0e90e,
        type: 3}
      propertyPath: m_LocalPosition.x
      value: 0.10212171
      objectReference: {fileID: 0}
    - target: {fileID: 8564073718625860674, guid: b9718f80faa32a648b2d626a15c0e90e,
        type: 3}
      propertyPath: m_LocalPosition.y
      value: 0.19547194
      objectReference: {fileID: 0}
    - target: {fileID: 8564073718625860674, guid: b9718f80faa32a648b2d626a15c0e90e,
        type: 3}
      propertyPath: m_LocalPosition.z
      value: 0.33628082
      objectReference: {fileID: 0}
    - target: {fileID: 8564073718625860674, guid: b9718f80faa32a648b2d626a15c0e90e,
        type: 3}
      propertyPath: m_LocalRotation.w
      value: 0.7060323
      objectReference: {fileID: 0}
    - target: {fileID: 8564073718625860674, guid: b9718f80faa32a648b2d626a15c0e90e,
        type: 3}
      propertyPath: m_LocalRotation.x
      value: -0.00012325379
      objectReference: {fileID: 0}
    - target: {fileID: 8564073718625860674, guid: b9718f80faa32a648b2d626a15c0e90e,
        type: 3}
      propertyPath: m_LocalRotation.y
      value: 0.70817965
      objectReference: {fileID: 0}
    - target: {fileID: 8564073718625860674, guid: b9718f80faa32a648b2d626a15c0e90e,
        type: 3}
      propertyPath: m_LocalRotation.z
      value: -0.0001235748
      objectReference: {fileID: 0}
    - target: {fileID: 8564073718625860674, guid: b9718f80faa32a648b2d626a15c0e90e,
        type: 3}
      propertyPath: m_LocalEulerAnglesHint.x
      value: 0
      objectReference: {fileID: 0}
    - target: {fileID: 8564073718625860674, guid: b9718f80faa32a648b2d626a15c0e90e,
        type: 3}
      propertyPath: m_LocalEulerAnglesHint.y
      value: 0
      objectReference: {fileID: 0}
    - target: {fileID: 8564073718625860674, guid: b9718f80faa32a648b2d626a15c0e90e,
        type: 3}
      propertyPath: m_LocalEulerAnglesHint.z
      value: 0
      objectReference: {fileID: 0}
    m_RemovedComponents: []
  m_SourcePrefab: {fileID: 100100000, guid: b9718f80faa32a648b2d626a15c0e90e, type: 3}
--- !u!4 &5385611849340908609 stripped
Transform:
  m_CorrespondingSourceObject: {fileID: 8564073718625860674, guid: b9718f80faa32a648b2d626a15c0e90e,
    type: 3}
  m_PrefabInstance: {fileID: 4351667862669789187}
  m_PrefabAsset: {fileID: 0}
--- !u!1001 &5048400006151266181
PrefabInstance:
  m_ObjectHideFlags: 0
  serializedVersion: 2
  m_Modification:
    m_TransformParent: {fileID: 5210248952598466026}
    m_Modifications:
    - target: {fileID: 1929776648305238470, guid: b9718f80faa32a648b2d626a15c0e90e,
        type: 3}
      propertyPath: m_Name
      value: Hit (2)
      objectReference: {fileID: 0}
    - target: {fileID: 3064595612153757808, guid: b9718f80faa32a648b2d626a15c0e90e,
        type: 3}
      propertyPath: m_Radius
      value: 0.01
      objectReference: {fileID: 0}
    - target: {fileID: 8564073718625860674, guid: b9718f80faa32a648b2d626a15c0e90e,
        type: 3}
      propertyPath: m_RootOrder
      value: 2
      objectReference: {fileID: 0}
    - target: {fileID: 8564073718625860674, guid: b9718f80faa32a648b2d626a15c0e90e,
        type: 3}
      propertyPath: m_LocalScale.x
      value: 5.646553
      objectReference: {fileID: 0}
    - target: {fileID: 8564073718625860674, guid: b9718f80faa32a648b2d626a15c0e90e,
        type: 3}
      propertyPath: m_LocalScale.y
      value: 3.5804148
      objectReference: {fileID: 0}
    - target: {fileID: 8564073718625860674, guid: b9718f80faa32a648b2d626a15c0e90e,
        type: 3}
      propertyPath: m_LocalScale.z
      value: 9.318393
      objectReference: {fileID: 0}
    - target: {fileID: 8564073718625860674, guid: b9718f80faa32a648b2d626a15c0e90e,
        type: 3}
      propertyPath: m_LocalPosition.x
      value: -0.06934887
      objectReference: {fileID: 0}
    - target: {fileID: 8564073718625860674, guid: b9718f80faa32a648b2d626a15c0e90e,
        type: 3}
      propertyPath: m_LocalPosition.y
      value: 0.19448772
      objectReference: {fileID: 0}
    - target: {fileID: 8564073718625860674, guid: b9718f80faa32a648b2d626a15c0e90e,
        type: 3}
      propertyPath: m_LocalPosition.z
      value: -0.22836655
      objectReference: {fileID: 0}
    - target: {fileID: 8564073718625860674, guid: b9718f80faa32a648b2d626a15c0e90e,
        type: 3}
      propertyPath: m_LocalRotation.w
      value: 0.7060323
      objectReference: {fileID: 0}
    - target: {fileID: 8564073718625860674, guid: b9718f80faa32a648b2d626a15c0e90e,
        type: 3}
      propertyPath: m_LocalRotation.x
      value: -0.00012325379
      objectReference: {fileID: 0}
    - target: {fileID: 8564073718625860674, guid: b9718f80faa32a648b2d626a15c0e90e,
        type: 3}
      propertyPath: m_LocalRotation.y
      value: 0.70817965
      objectReference: {fileID: 0}
    - target: {fileID: 8564073718625860674, guid: b9718f80faa32a648b2d626a15c0e90e,
        type: 3}
      propertyPath: m_LocalRotation.z
      value: -0.0001235748
      objectReference: {fileID: 0}
    - target: {fileID: 8564073718625860674, guid: b9718f80faa32a648b2d626a15c0e90e,
        type: 3}
      propertyPath: m_LocalEulerAnglesHint.x
      value: 0
      objectReference: {fileID: 0}
    - target: {fileID: 8564073718625860674, guid: b9718f80faa32a648b2d626a15c0e90e,
        type: 3}
      propertyPath: m_LocalEulerAnglesHint.y
      value: 0
      objectReference: {fileID: 0}
    - target: {fileID: 8564073718625860674, guid: b9718f80faa32a648b2d626a15c0e90e,
        type: 3}
      propertyPath: m_LocalEulerAnglesHint.z
      value: 0
      objectReference: {fileID: 0}
    m_RemovedComponents: []
  m_SourcePrefab: {fileID: 100100000, guid: b9718f80faa32a648b2d626a15c0e90e, type: 3}
--- !u!4 &3519060232247059399 stripped
Transform:
  m_CorrespondingSourceObject: {fileID: 8564073718625860674, guid: b9718f80faa32a648b2d626a15c0e90e,
    type: 3}
  m_PrefabInstance: {fileID: 5048400006151266181}
  m_PrefabAsset: {fileID: 0}
--- !u!1001 &5210248953135803882
PrefabInstance:
  m_ObjectHideFlags: 0
  serializedVersion: 2
  m_Modification:
    m_TransformParent: {fileID: 5747785734276484114}
    m_Modifications:
    - target: {fileID: 3539204327309952793, guid: 855c32ee8cc251a46a892175db26d5df,
        type: 3}
      propertyPath: m_RootOrder
      value: 3
      objectReference: {fileID: 0}
    - target: {fileID: 3539204327309952793, guid: 855c32ee8cc251a46a892175db26d5df,
        type: 3}
      propertyPath: m_LocalPosition.x
      value: -1.675
      objectReference: {fileID: 0}
    - target: {fileID: 3539204327309952793, guid: 855c32ee8cc251a46a892175db26d5df,
        type: 3}
      propertyPath: m_LocalPosition.y
      value: 1.68
      objectReference: {fileID: 0}
    - target: {fileID: 3539204327309952793, guid: 855c32ee8cc251a46a892175db26d5df,
        type: 3}
      propertyPath: m_LocalPosition.z
      value: 4.262
      objectReference: {fileID: 0}
    - target: {fileID: 3539204327309952793, guid: 855c32ee8cc251a46a892175db26d5df,
        type: 3}
      propertyPath: m_LocalRotation.w
      value: 0
      objectReference: {fileID: 0}
    - target: {fileID: 3539204327309952793, guid: 855c32ee8cc251a46a892175db26d5df,
        type: 3}
      propertyPath: m_LocalRotation.x
      value: -0
      objectReference: {fileID: 0}
    - target: {fileID: 3539204327309952793, guid: 855c32ee8cc251a46a892175db26d5df,
        type: 3}
      propertyPath: m_LocalRotation.y
      value: -1
      objectReference: {fileID: 0}
    - target: {fileID: 3539204327309952793, guid: 855c32ee8cc251a46a892175db26d5df,
        type: 3}
      propertyPath: m_LocalRotation.z
      value: 0.000000081460335
      objectReference: {fileID: 0}
    - target: {fileID: 3539204327309952793, guid: 855c32ee8cc251a46a892175db26d5df,
        type: 3}
      propertyPath: m_LocalEulerAnglesHint.x
      value: 0
      objectReference: {fileID: 0}
    - target: {fileID: 3539204327309952793, guid: 855c32ee8cc251a46a892175db26d5df,
        type: 3}
      propertyPath: m_LocalEulerAnglesHint.y
      value: 0
      objectReference: {fileID: 0}
    - target: {fileID: 3539204327309952793, guid: 855c32ee8cc251a46a892175db26d5df,
        type: 3}
      propertyPath: m_LocalEulerAnglesHint.z
      value: 0
      objectReference: {fileID: 0}
    - target: {fileID: 4203572836153269667, guid: 855c32ee8cc251a46a892175db26d5df,
        type: 3}
      propertyPath: m_Name
      value: FirstShape_2
      objectReference: {fileID: 0}
    - target: {fileID: 4203572836153269667, guid: 855c32ee8cc251a46a892175db26d5df,
        type: 3}
      propertyPath: m_IsActive
      value: 0
      objectReference: {fileID: 0}
    m_RemovedComponents: []
  m_SourcePrefab: {fileID: 100100000, guid: 855c32ee8cc251a46a892175db26d5df, type: 3}
--- !u!4 &8742404165102693107 stripped
Transform:
  m_CorrespondingSourceObject: {fileID: 3539204327309952793, guid: 855c32ee8cc251a46a892175db26d5df,
    type: 3}
  m_PrefabInstance: {fileID: 5210248953135803882}
  m_PrefabAsset: {fileID: 0}
--- !u!1001 &5232491774515226831
PrefabInstance:
  m_ObjectHideFlags: 0
  serializedVersion: 2
  m_Modification:
    m_TransformParent: {fileID: 5210248952598466026}
    m_Modifications:
    - target: {fileID: 1929776648305238470, guid: b9718f80faa32a648b2d626a15c0e90e,
        type: 3}
      propertyPath: m_Name
      value: Hit (9)
      objectReference: {fileID: 0}
    - target: {fileID: 3064595612153757808, guid: b9718f80faa32a648b2d626a15c0e90e,
        type: 3}
      propertyPath: m_Radius
      value: 0.01
      objectReference: {fileID: 0}
    - target: {fileID: 8564073718625860674, guid: b9718f80faa32a648b2d626a15c0e90e,
        type: 3}
      propertyPath: m_RootOrder
      value: 9
      objectReference: {fileID: 0}
    - target: {fileID: 8564073718625860674, guid: b9718f80faa32a648b2d626a15c0e90e,
        type: 3}
      propertyPath: m_LocalScale.x
      value: 5.646553
      objectReference: {fileID: 0}
    - target: {fileID: 8564073718625860674, guid: b9718f80faa32a648b2d626a15c0e90e,
        type: 3}
      propertyPath: m_LocalScale.y
      value: 3.5804148
      objectReference: {fileID: 0}
    - target: {fileID: 8564073718625860674, guid: b9718f80faa32a648b2d626a15c0e90e,
        type: 3}
      propertyPath: m_LocalScale.z
      value: 9.318393
      objectReference: {fileID: 0}
    - target: {fileID: 8564073718625860674, guid: b9718f80faa32a648b2d626a15c0e90e,
        type: 3}
      propertyPath: m_LocalPosition.x
      value: 0.17071474
      objectReference: {fileID: 0}
    - target: {fileID: 8564073718625860674, guid: b9718f80faa32a648b2d626a15c0e90e,
        type: 3}
      propertyPath: m_LocalPosition.y
      value: 0.19586533
      objectReference: {fileID: 0}
    - target: {fileID: 8564073718625860674, guid: b9718f80faa32a648b2d626a15c0e90e,
        type: 3}
      propertyPath: m_LocalPosition.z
      value: 0.56213975
      objectReference: {fileID: 0}
    - target: {fileID: 8564073718625860674, guid: b9718f80faa32a648b2d626a15c0e90e,
        type: 3}
      propertyPath: m_LocalRotation.w
      value: 0.7060323
      objectReference: {fileID: 0}
    - target: {fileID: 8564073718625860674, guid: b9718f80faa32a648b2d626a15c0e90e,
        type: 3}
      propertyPath: m_LocalRotation.x
      value: -0.00012325379
      objectReference: {fileID: 0}
    - target: {fileID: 8564073718625860674, guid: b9718f80faa32a648b2d626a15c0e90e,
        type: 3}
      propertyPath: m_LocalRotation.y
      value: 0.70817965
      objectReference: {fileID: 0}
    - target: {fileID: 8564073718625860674, guid: b9718f80faa32a648b2d626a15c0e90e,
        type: 3}
      propertyPath: m_LocalRotation.z
      value: -0.0001235748
      objectReference: {fileID: 0}
    - target: {fileID: 8564073718625860674, guid: b9718f80faa32a648b2d626a15c0e90e,
        type: 3}
      propertyPath: m_LocalEulerAnglesHint.x
      value: 0
      objectReference: {fileID: 0}
    - target: {fileID: 8564073718625860674, guid: b9718f80faa32a648b2d626a15c0e90e,
        type: 3}
      propertyPath: m_LocalEulerAnglesHint.y
      value: 0
      objectReference: {fileID: 0}
    - target: {fileID: 8564073718625860674, guid: b9718f80faa32a648b2d626a15c0e90e,
        type: 3}
      propertyPath: m_LocalEulerAnglesHint.z
      value: 0
      objectReference: {fileID: 0}
    m_RemovedComponents: []
  m_SourcePrefab: {fileID: 100100000, guid: b9718f80faa32a648b2d626a15c0e90e, type: 3}
--- !u!4 &4486772872996574349 stripped
Transform:
  m_CorrespondingSourceObject: {fileID: 8564073718625860674, guid: b9718f80faa32a648b2d626a15c0e90e,
    type: 3}
  m_PrefabInstance: {fileID: 5232491774515226831}
  m_PrefabAsset: {fileID: 0}
--- !u!1001 &7689557318530536600
PrefabInstance:
  m_ObjectHideFlags: 0
  serializedVersion: 2
  m_Modification:
    m_TransformParent: {fileID: 5210248952598466026}
    m_Modifications:
    - target: {fileID: 1929776648305238470, guid: b9718f80faa32a648b2d626a15c0e90e,
        type: 3}
      propertyPath: m_Name
      value: Hit (1)
      objectReference: {fileID: 0}
    - target: {fileID: 3064595612153757808, guid: b9718f80faa32a648b2d626a15c0e90e,
        type: 3}
      propertyPath: m_Radius
      value: 0.01
      objectReference: {fileID: 0}
    - target: {fileID: 8564073718625860674, guid: b9718f80faa32a648b2d626a15c0e90e,
        type: 3}
      propertyPath: m_RootOrder
      value: 1
      objectReference: {fileID: 0}
    - target: {fileID: 8564073718625860674, guid: b9718f80faa32a648b2d626a15c0e90e,
        type: 3}
      propertyPath: m_LocalScale.x
      value: 5.646553
      objectReference: {fileID: 0}
    - target: {fileID: 8564073718625860674, guid: b9718f80faa32a648b2d626a15c0e90e,
        type: 3}
      propertyPath: m_LocalScale.y
      value: 3.5804148
      objectReference: {fileID: 0}
    - target: {fileID: 8564073718625860674, guid: b9718f80faa32a648b2d626a15c0e90e,
        type: 3}
      propertyPath: m_LocalScale.z
      value: 9.318393
      objectReference: {fileID: 0}
    - target: {fileID: 8564073718625860674, guid: b9718f80faa32a648b2d626a15c0e90e,
        type: 3}
      propertyPath: m_LocalPosition.x
      value: -0.10363344
      objectReference: {fileID: 0}
    - target: {fileID: 8564073718625860674, guid: b9718f80faa32a648b2d626a15c0e90e,
        type: 3}
      propertyPath: m_LocalPosition.y
      value: 0.19428983
      objectReference: {fileID: 0}
    - target: {fileID: 8564073718625860674, guid: b9718f80faa32a648b2d626a15c0e90e,
        type: 3}
      propertyPath: m_LocalPosition.z
      value: -0.341296
      objectReference: {fileID: 0}
    - target: {fileID: 8564073718625860674, guid: b9718f80faa32a648b2d626a15c0e90e,
        type: 3}
      propertyPath: m_LocalRotation.w
      value: 0.7060323
      objectReference: {fileID: 0}
    - target: {fileID: 8564073718625860674, guid: b9718f80faa32a648b2d626a15c0e90e,
        type: 3}
      propertyPath: m_LocalRotation.x
      value: -0.00012325379
      objectReference: {fileID: 0}
    - target: {fileID: 8564073718625860674, guid: b9718f80faa32a648b2d626a15c0e90e,
        type: 3}
      propertyPath: m_LocalRotation.y
      value: 0.70817965
      objectReference: {fileID: 0}
    - target: {fileID: 8564073718625860674, guid: b9718f80faa32a648b2d626a15c0e90e,
        type: 3}
      propertyPath: m_LocalRotation.z
      value: -0.0001235748
      objectReference: {fileID: 0}
    - target: {fileID: 8564073718625860674, guid: b9718f80faa32a648b2d626a15c0e90e,
        type: 3}
      propertyPath: m_LocalEulerAnglesHint.x
      value: 0
      objectReference: {fileID: 0}
    - target: {fileID: 8564073718625860674, guid: b9718f80faa32a648b2d626a15c0e90e,
        type: 3}
      propertyPath: m_LocalEulerAnglesHint.y
      value: 0
      objectReference: {fileID: 0}
    - target: {fileID: 8564073718625860674, guid: b9718f80faa32a648b2d626a15c0e90e,
        type: 3}
      propertyPath: m_LocalEulerAnglesHint.z
      value: 0
      objectReference: {fileID: 0}
    m_RemovedComponents: []
  m_SourcePrefab: {fileID: 100100000, guid: b9718f80faa32a648b2d626a15c0e90e, type: 3}
--- !u!4 &2048988364920023258 stripped
Transform:
  m_CorrespondingSourceObject: {fileID: 8564073718625860674, guid: b9718f80faa32a648b2d626a15c0e90e,
    type: 3}
  m_PrefabInstance: {fileID: 7689557318530536600}
  m_PrefabAsset: {fileID: 0}
--- !u!1001 &8297837129818628863
PrefabInstance:
  m_ObjectHideFlags: 0
  serializedVersion: 2
  m_Modification:
    m_TransformParent: {fileID: 5210248952598466026}
    m_Modifications:
    - target: {fileID: 1929776648305238470, guid: b9718f80faa32a648b2d626a15c0e90e,
        type: 3}
      propertyPath: m_Name
      value: Hit
      objectReference: {fileID: 0}
    - target: {fileID: 3064595612153757808, guid: b9718f80faa32a648b2d626a15c0e90e,
        type: 3}
      propertyPath: m_Radius
      value: 0.01
      objectReference: {fileID: 0}
    - target: {fileID: 8564073718625860674, guid: b9718f80faa32a648b2d626a15c0e90e,
        type: 3}
      propertyPath: m_RootOrder
      value: 0
      objectReference: {fileID: 0}
    - target: {fileID: 8564073718625860674, guid: b9718f80faa32a648b2d626a15c0e90e,
        type: 3}
      propertyPath: m_LocalScale.x
      value: 5.646553
      objectReference: {fileID: 0}
    - target: {fileID: 8564073718625860674, guid: b9718f80faa32a648b2d626a15c0e90e,
        type: 3}
      propertyPath: m_LocalScale.y
      value: 3.5804148
      objectReference: {fileID: 0}
    - target: {fileID: 8564073718625860674, guid: b9718f80faa32a648b2d626a15c0e90e,
        type: 3}
      propertyPath: m_LocalScale.z
      value: 9.318393
      objectReference: {fileID: 0}
    - target: {fileID: 8564073718625860674, guid: b9718f80faa32a648b2d626a15c0e90e,
        type: 3}
      propertyPath: m_LocalPosition.x
      value: -0.13792996
      objectReference: {fileID: 0}
    - target: {fileID: 8564073718625860674, guid: b9718f80faa32a648b2d626a15c0e90e,
        type: 3}
      propertyPath: m_LocalPosition.y
      value: 0.19409448
      objectReference: {fileID: 0}
    - target: {fileID: 8564073718625860674, guid: b9718f80faa32a648b2d626a15c0e90e,
        type: 3}
      propertyPath: m_LocalPosition.z
      value: -0.4542256
      objectReference: {fileID: 0}
    - target: {fileID: 8564073718625860674, guid: b9718f80faa32a648b2d626a15c0e90e,
        type: 3}
      propertyPath: m_LocalRotation.w
      value: 0.7060323
      objectReference: {fileID: 0}
    - target: {fileID: 8564073718625860674, guid: b9718f80faa32a648b2d626a15c0e90e,
        type: 3}
      propertyPath: m_LocalRotation.x
      value: -0.00012325379
      objectReference: {fileID: 0}
    - target: {fileID: 8564073718625860674, guid: b9718f80faa32a648b2d626a15c0e90e,
        type: 3}
      propertyPath: m_LocalRotation.y
      value: 0.70817965
      objectReference: {fileID: 0}
    - target: {fileID: 8564073718625860674, guid: b9718f80faa32a648b2d626a15c0e90e,
        type: 3}
      propertyPath: m_LocalRotation.z
      value: -0.0001235748
      objectReference: {fileID: 0}
    - target: {fileID: 8564073718625860674, guid: b9718f80faa32a648b2d626a15c0e90e,
        type: 3}
      propertyPath: m_LocalEulerAnglesHint.x
      value: 0
      objectReference: {fileID: 0}
    - target: {fileID: 8564073718625860674, guid: b9718f80faa32a648b2d626a15c0e90e,
        type: 3}
      propertyPath: m_LocalEulerAnglesHint.y
      value: 0
      objectReference: {fileID: 0}
    - target: {fileID: 8564073718625860674, guid: b9718f80faa32a648b2d626a15c0e90e,
        type: 3}
      propertyPath: m_LocalEulerAnglesHint.z
      value: 0
      objectReference: {fileID: 0}
    m_RemovedComponents: []
  m_SourcePrefab: {fileID: 100100000, guid: b9718f80faa32a648b2d626a15c0e90e, type: 3}
--- !u!4 &431893990998089405 stripped
Transform:
  m_CorrespondingSourceObject: {fileID: 8564073718625860674, guid: b9718f80faa32a648b2d626a15c0e90e,
    type: 3}
  m_PrefabInstance: {fileID: 8297837129818628863}
  m_PrefabAsset: {fileID: 0}
